



@misc{maltoni2019continuous,
	title={Continuous Learning in Single-Incremental-Task Scenarios}, 
	author={Davide Maltoni and Vincenzo Lomonaco},
	year={2019},
	eprint={1806.08568},
	archivePrefix={arXiv},
	primaryClass={cs.LG}
}

@misc{hayes2019memory,
	title={Memory Efficient Experience Replay for Streaming Learning}, 
	author={Tyler L. Hayes and Nathan D. Cahill and Christopher Kanan},
	year={2019},
	eprint={1809.05922},
	archivePrefix={arXiv},
	primaryClass={cs.LG}
}

@article{Parisi_2018,
	title={Lifelong Learning of Spatiotemporal Representations With Dual-Memory Recurrent Self-Organization},
	volume={12},
	ISSN={1662-5218},
	url={http://dx.doi.org/10.3389/fnbot.2018.00078},
	DOI={10.3389/fnbot.2018.00078},
	journal={Frontiers in Neurorobotics},
	publisher={Frontiers Media SA},
	author={Parisi, German I. and Tani, Jun and Weber, Cornelius and Wermter, Stefan},
	year={2018},
	month={Nov}
}

@misc{kemker2018fearnet,
	title={FearNet: Brain-Inspired Model for Incremental Learning}, 
	author={Ronald Kemker and Christopher Kanan},
	year={2018},
	eprint={1711.10563},
	archivePrefix={arXiv},
	primaryClass={cs.LG}
}

@misc{lopezpaz2017gradient,
	title={Gradient Episodic Memory for Continual Learning}, 
	author={David Lopez-Paz and Marc'Aurelio Ranzato},
	year={2017},
	eprint={1706.08840},
	archivePrefix={arXiv},
	primaryClass={cs.LG}
}

@misc{rebuffi2017icarl,
	title={iCaRL: Incremental Classifier and Representation Learning}, 
	author={Sylvestre-Alvise Rebuffi and Alexander Kolesnikov and Georg Sperl and Christoph H. Lampert},
	year={2017},
	eprint={1611.07725},
	archivePrefix={arXiv},
	primaryClass={cs.CV}
}

@misc{zenke2017continual,
	title={Continual Learning Through Synaptic Intelligence}, 
	author={Friedemann Zenke and Ben Poole and Surya Ganguli},
	year={2017},
	eprint={1703.04200},
	archivePrefix={arXiv},
	primaryClass={cs.LG}
}


@misc{rusu2016progressive,
	title={Progressive Neural Networks}, 
	author={Andrei A. Rusu and Neil C. Rabinowitz and Guillaume Desjardins and Hubert Soyer and James Kirkpatrick and Koray Kavukcuoglu and Razvan Pascanu and Raia Hadsell},
	year={2016},
	eprint={1606.04671},
	archivePrefix={arXiv},
	primaryClass={cs.LG}
}

@misc{lomonaco2017core50,
	title={CORe50: a New Dataset and Benchmark for Continuous Object Recognition}, 
	author={Vincenzo Lomonaco and Davide Maltoni},
	year={2017},
	eprint={1705.03550},
	archivePrefix={arXiv},
	primaryClass={cs.CV}
}

@misc{li2017learning,
	title={Learning without Forgetting}, 
	author={Zhizhong Li and Derek Hoiem},
	year={2017},
	eprint={1606.09282},
	archivePrefix={arXiv},
	primaryClass={cs.CV}
}

@misc{kirkpatrick2017overcoming,
	title={Overcoming catastrophic forgetting in neural networks}, 
	author={James Kirkpatrick and Razvan Pascanu and Neil Rabinowitz and Joel Veness and Guillaume Desjardins and Andrei A. Rusu and Kieran Milan and John Quan and Tiago Ramalho and Agnieszka Grabska-Barwinska and Demis Hassabis and Claudia Clopath and Dharshan Kumaran and Raia Hadsell},
	year={2017},
	eprint={1612.00796},
	archivePrefix={arXiv},
	primaryClass={cs.LG}
}

@misc{lesort2020continual,
	title={Continual Learning: Tackling Catastrophic Forgetting in Deep Neural Networks with Replay Processes}, 
	author={Timoth√©e Lesort},
	year={2020},
	eprint={2007.00487},
	archivePrefix={arXiv},
	primaryClass={cs.LG}
}

@article{DBLP:journals/corr/abs-1907-00182,
	author    = {Timoth{\'{e}}e Lesort and
		Vincenzo Lomonaco and
		Andrei Stoian and
		Davide Maltoni and
		David Filliat and
		Natalia D{\'{\i}}az Rodr{\'{\i}}guez},
	title     = {Continual Learning for Robotics},
	journal   = {CoRR},
	volume    = {abs/1907.00182},
	year      = {2019},
	url       = {http://arxiv.org/abs/1907.00182},
	archivePrefix = {arXiv},
	eprint    = {1907.00182},
	timestamp = {Thu, 31 Oct 2019 16:26:29 +0100},
	biburl    = {https://dblp.org/rec/journals/corr/abs-1907-00182.bib},
	bibsource = {dblp computer science bibliography, https://dblp.org}
}

@misc{benchmarks.ai,
	title={CIFAR-10 Method Benchmarks}, 
	author={Benchmarks.ai},
	year={2021},
	url={https://benchmarks.ai/cifar-10}
}

@incollection{MCCLOSKEY1989109,
	title = {Catastrophic Interference in Connectionist Networks: The Sequential Learning Problem},
	editor = {Gordon H. Bower},
	series = {Psychology of Learning and Motivation},
	publisher = {Academic Press},
	volume = {24},
	pages = {109-165},
	year = {1989},
	issn = {0079-7421},
	doi = {https://doi.org/10.1016/S0079-7421(08)60536-8},
	url = {https://www.sciencedirect.com/science/article/pii/S0079742108605368},
	author = {Michael McCloskey and Neal J. Cohen}
}